<record><leader>00000cas a22000007a 4500</leader><controlfield tag="001">20173557</controlfield><controlfield tag="008">890814d19571960paudr ne      0    0eng d</controlfield><datafield ind1=" " ind2=" " tag="010"><subfield code="a">sn 89077346 </subfield></datafield><datafield ind1=" " ind2=" " tag="040"><subfield code="a">NPH</subfield><subfield code="b">eng</subfield><subfield code="c">NPH</subfield><subfield code="d">OCLCQ</subfield></datafield><datafield ind1=" " ind2=" " tag="042"><subfield code="a">msc</subfield></datafield><datafield ind1="0" ind2=" " tag="130"><subfield code="a">Daily free press (Quakertown, Pa. : 1957)</subfield></datafield><datafield ind1="1" ind2="4" tag="245"><subfield code="a">The daily free press.</subfield></datafield><datafield ind1=" " ind2=" " tag="260"><subfield code="a">Quakertown, Pa. :</subfield><subfield code="b">Charles M. Meredith,</subfield><subfield code="c">1957-1960.</subfield></datafield><datafield ind1=" " ind2=" " tag="300"><subfield code="a">v. :</subfield><subfield code="b">ill.</subfield></datafield><datafield ind1=" " ind2=" " tag="310"><subfield code="a">Daily (except Sat. and Sun.)</subfield></datafield><datafield ind1="0" ind2=" " tag="362"><subfield code="a">No. 108 (Nov. 20, 1957)-no. 133 (Feb. 19, 1960).</subfield></datafield><datafield ind1=" " ind2=" " tag="500"><subfield code="a">Edition statement varies, &lt;Sept. 30, 1958-Feb. 19, 1960&gt;.</subfield></datafield><datafield ind1=" " ind2=" " tag="752"><subfield code="a">United States</subfield><subfield code="b">Pennsylvania</subfield><subfield code="c">Bucks</subfield><subfield code="d">Quakertown.</subfield></datafield><datafield ind1="0" ind2="0" tag="780"><subfield code="t">Quakertown free press</subfield><subfield code="w">(DLC)sn 87078483</subfield></datafield><datafield ind1="0" ind2="0" tag="785"><subfield code="t">Daily free press. Quakertown free press</subfield><subfield code="w">(DLC)sn 89077347</subfield></datafield></record>